<?xml version="1.0" encoding="UTF-8"?><collection><record><leader>06808ntm a2200565 a 4500</leader><controlfield tag="001">006814542</controlfield><controlfield tag="003">MiAaHDL</controlfield><controlfield tag="005">20190719000000.0</controlfield><controlfield tag="006">m        d        </controlfield><controlfield tag="007">cr bn ---auaua</controlfield><controlfield tag="008">090609s1601    xx            00| ||per d</controlfield><datafield tag="035" ind1=" " ind2=" "><subfield code="a">(MiU)006814542</subfield></datafield><datafield tag="035" ind1=" " ind2=" "><subfield code="a">sdr-miu006814542</subfield></datafield><datafield tag="040" ind1=" " ind2=" "><subfield code="a">MiU</subfield><subfield code="c">MiU</subfield><subfield code="e">amremm</subfield></datafield><datafield tag="043" ind1=" " ind2=" "><subfield code="a">n-us-mi</subfield></datafield><datafield tag="100" ind1="0" ind2=" "><subfield code="6">880-01</subfield><subfield code="a">Jāmī,</subfield><subfield code="d">1414-1492.</subfield></datafield><datafield tag="240" ind1="1" ind2="0"><subfield code="6">880-02</subfield><subfield code="a">Haft awrang.</subfield><subfield code="p">Silsilat al-ẕahab</subfield></datafield><datafield tag="245" ind1="1" ind2="0"><subfield code="6">880-03</subfield><subfield code="a">Silsilat al-ẕahab,</subfield><subfield code="f">[1009, i.e. 1601].</subfield></datafield><datafield tag="246" ind1="3" ind2=" "><subfield code="i">Title from colophon on p.366:</subfield><subfield code="a">سلسله الذهب</subfield></datafield><datafield tag="260" ind1=" " ind2=" "><subfield code="c">[1601].</subfield></datafield><datafield tag="300" ind1=" " ind2=" "><subfield code="a">183 leaves :</subfield><subfield code="b">paper ;</subfield><subfield code="c">240 x 125 (170 x 60) mm. bound to 245 x 127 mm.</subfield></datafield><datafield tag="500" ind1=" " ind2=" "><subfield code="a">Shelfmark: Ann Arbor, University of Michigan, Special Collections Library, Isl. Ms. 328</subfield></datafield><datafield tag="500" ind1=" " ind2=" "><subfield code="a">Origin: As appears in colophon on p.366 (followed by scribal verses), copied by Muḥammad ibn Ḥusayn Ṣafāhānī, known as Jānī, with transcription completed 23 Dhū al-Ḥijjah 1009 [ca. 25 June 1601].</subfield></datafield><datafield tag="500" ind1=" " ind2=" "><subfield code="a">Former shelfmark: "581 T. De M. [i.e. Tammaro De Marinis]" inscribed in pencil on verso of front flyleaf.</subfield></datafield><datafield tag="500" ind1=" " ind2=" "><subfield code="a">Binding: Pasteboards covered (faced) in painted lacquerwork with light brown leather over spine and board edges / turn-ins, possibly constituting repair (lacquer faced, leather edged, framed binding) ; Type III binding (without flap) ; doublures in similar light brown leather with gold-painted rule border only partially visible ; upper and lower covers carry painted lacquerwork composition of simple bookcover design with recessed, stamped scalloped mandorla and pendants covered in metallic paint with golden copper hue and bordered in gold-painted accents with further gold-painted rule borders ; now sewn in white, red and green threads, two stations ; worked chevron endbands in magenta and sping green, good condition (protected by tabs of extended spine leather) ; overall in fairly good condition with minor cracking in lacquer, minor abrasion and delamination at board corners, etc. ; housed in box for protection.</subfield></datafield><datafield tag="500" ind1=" " ind2=" "><subfield code="a">Support: non-European (likely Persian) laid paper of perhaps two types ; one type with roughly 5 laid lines per cm. (mainly vertical, fairly distinct, some curving) and irregular chain lines only faintly visible, somewhat cloudy formation, inclusions, well-burnished to glossy, thin, crisp and transluscent, dark cream in color ; another type, thicker and sturdier with roughly 8 laid lines per cm. (mainly vertical, indistinct, some curving) and no chain lines plainly visible, well-burnished (burnisher's marks visible), dark cream in color ; endpapers and repairs (fills, etc.) in wove paper ; some moisture damage and tide lines.</subfield></datafield><datafield tag="500" ind1=" " ind2=" "><subfield code="a">Decoration: Exquisite illuminated headpiece (ʻunwān / sarlawḥ) at opening on p.2 consisting of rectangular piece with empty gold cartouche surrounded by delicate swirling vegetal designs in gold with red, turquoise (pistachio), and white floral accents on a ground of lapis lazuli, gold and black surrounded by bands of gold, turquoise, white (with black crosses) and red and surmounted by a scalloped dome (or semi-circular piece) in gold and lapis lazuli with similar floral vegetal designs, all surmounted by vertical stalks (tīgh) in blue ; similar illuminated headpieces (also of exquisite execution and in slightly better condition) at opening of second daftar (p.216) and third daftar (p.306) ; written area surrounded by frame consisting of a gold band defined by black fillets with outermost blue rule ; section headings rubricated.</subfield></datafield><datafield tag="500" ind1=" " ind2=" "><subfield code="a">Script: Nastaʻlīq ; elegant, delicate hand in medium to narrow line ; characteristically serifless with gentle effect of words descending to baseline, elongation and contrasting thickness of horizontal strokes, pointing in distinct or nearly conjoined (closely adjacent) dots, point of final and free-standing nūn often set down in wide bowl, shaqq (sarʹkash) of kāf often slightly detached from ascender, etc.</subfield></datafield><datafield tag="500" ind1=" " ind2=" "><subfield code="a">Layout: Written in 19 lines per page with written area divided to two columns ; frame-ruled (impression of ruling board evident).</subfield></datafield><datafield tag="500" ind1=" " ind2=" "><subfield code="a">Collation: i, 22 IV(176), IV-1 (183), i ; exclusively quaternions ; catchwords present ; pagination in pencil, Western numerals, supplied during cataloguing.</subfield></datafield><datafield tag="500" ind1=" " ind2=" "><subfield code="a">Colophon: "Scribal," rectangular, reads "باتمام رسید دفتر سيیوم از سلسله الذهب من کلام افصح الفصحا مولانا عبد الرحمن جامی علیه الرحمة والغفران لعون الله تعالی وحسن توفیقه والصلوة والسلام علی نبیه وآله اجمعین بتاریخ یوم الاثنین بیست و سیوم شهر ذی الحجة الحرام سنه تسع والف کتبه اضعف عباد الله محمد بن حسین صفاهانی المتخلص به جانی غفر ذنوبه وستر عیوبه ..."</subfield></datafield><datafield tag="500" ind1=" " ind2=" "><subfield code="a">Explicit: "همه مقبول و مستجاب شده همه مقرون بفتح باب شده بهمین نکته ختم شد مقصود لله الحمد و العلی و الجود"</subfield></datafield><datafield tag="500" ind1=" " ind2=" "><subfield code="a">Incipit: "لله الحمد قبل کل کلام بصفات الجلال والاکرام حمد او تاج تارک سخنست صدر هر نامه نو و کهنست ..."</subfield></datafield><datafield tag="500" ind1=" " ind2=" "><subfield code="a">Title from inscription on 'title page' (p.1).</subfield></datafield><datafield tag="500" ind1=" " ind2=" "><subfield code="a">Ms. codex.</subfield></datafield><datafield tag="510" ind1="4" ind2=" "><subfield code="a">Browne, E. Literary history of Persia (1928),</subfield><subfield code="c">v.3 p.515 ff.</subfield></datafield><datafield tag="510" ind1="4" ind2=" "><subfield code="a">Cat. Pers. MSS. Brit. Mus.,</subfield><subfield code="c">p. 644</subfield></datafield><datafield tag="520" ind1="8" ind2=" "><subfield code="a">Elegant copy of Silsilat al-ẕahab, the first of the seven seven mas̲navīs of Jāmī (d.1492) collected under the title Haft awrang. Descriptive contributions from Sarah Mirza.</subfield></datafield><datafield tag="538" ind1=" " ind2=" "><subfield code="a">Mode of access: Internet.</subfield></datafield><datafield tag="541" ind1=" " ind2=" "><subfield code="c">Purchase ;</subfield><subfield code="a">Acquired by purchase (funds donated by Horace Rackham).</subfield><subfield code="d">1924.</subfield></datafield><datafield tag="546" ind1=" " ind2=" "><subfield code="a">Persian.</subfield></datafield><datafield tag="561" ind1=" " ind2=" "><subfield code="a">Several effaced statements and seal impressions (only faintly visible) on 'title page' (p.1) ; scribal verses following colophon on p.366 begin "جانی زدوات و کلکم این نقشه متین ..." ; fairly clean copy.</subfield></datafield><datafield tag="650" ind1=" " ind2="0"><subfield code="a">Manuscripts, Persian</subfield><subfield code="z">Michigan</subfield><subfield code="z">Ann Arbor.</subfield></datafield><datafield tag="650" ind1=" " ind2="0"><subfield code="a">Masnavis, Persian</subfield><subfield code="v">Early works to 1800.</subfield></datafield><datafield tag="650" ind1=" " ind2="0"><subfield code="a">Persian poetry</subfield><subfield code="y">747-1500.</subfield></datafield><datafield tag="655" ind1=" " ind2="7"><subfield code="a">Headpieces (layout features)</subfield><subfield code="y">17th century.</subfield><subfield code="2">aat</subfield></datafield><datafield tag="700" ind1="0" ind2=" "><subfield code="a">Abdülhamid</subfield><subfield code="b">II,</subfield><subfield code="c">Sultan of the Turks,</subfield><subfield code="d">1842-1918,</subfield><subfield code="e">former owner.</subfield></datafield><datafield tag="700" ind1="0" ind2=" "><subfield code="6">880-05</subfield><subfield code="a">Muḥammad ibn Ḥusayn Ṣafāhānī,</subfield><subfield code="d">fl. 1601,</subfield><subfield code="e">scribe.</subfield></datafield><datafield tag="773" ind1="0" ind2=" "><subfield code="a">Abdul Hamid Collection.</subfield></datafield><datafield tag="880" ind1="0" ind2=" "><subfield code="6">700-05/</subfield><subfield code="a">محمد بن حسين صفاهانى,</subfield><subfield code="e">ناسخ.</subfield></datafield><datafield tag="880" ind1="1" ind2="0"><subfield code="6">245-03/</subfield><subfield code="a">سلسلة الذهب,</subfield><subfield code="f">[1009ه, 1601م].</subfield></datafield><datafield tag="880" ind1="1" ind2="0"><subfield code="6">240-02/</subfield><subfield code="a">هفت اورنگ.</subfield><subfield code="p">سلسلة الذهب</subfield></datafield><datafield tag="880" ind1="0" ind2=" "><subfield code="6">100-01/</subfield><subfield code="a">جامى.</subfield></datafield><datafield tag="CID" ind1=" " ind2=" "><subfield code="a">006814542</subfield></datafield><datafield tag="DAT" ind1="0" ind2=" "><subfield code="a">20190719102638.0</subfield><subfield code="b">20190719000000.0</subfield></datafield><datafield tag="DAT" ind1="1" ind2=" "><subfield code="a">20190719090653.0</subfield><subfield code="b">2019-07-19T16:11:43Z</subfield></datafield><datafield tag="DAT" ind1="2" ind2=" "><subfield code="a">2015-10-02T18:00:03Z</subfield></datafield><datafield tag="CAT" ind1=" " ind2=" "><subfield code="a">SDR-MIU</subfield><subfield code="d">EX LIBRIS - ALEPH</subfield><subfield code="l">prepare.pl-004-008</subfield></datafield><datafield tag="FMT" ind1=" " ind2=" "><subfield code="a">BK</subfield></datafield><datafield tag="HOL" ind1=" " ind2=" "><subfield code="0">sdr-miu006814542</subfield><subfield code="a">MiU</subfield><subfield code="b">SDR</subfield><subfield code="c">MIU</subfield><subfield code="p">mdp.39015079129055</subfield><subfield code="s">MIU</subfield><subfield code="1">006814542</subfield></datafield><datafield tag="974" ind1=" " ind2=" "><subfield code="b">MIU</subfield><subfield code="c">MIU</subfield><subfield code="d">20190719</subfield><subfield code="s">lit-dlps-dc</subfield><subfield code="u">mdp.39015079129055</subfield><subfield code="y">1601</subfield><subfield code="r">pd</subfield><subfield code="q">bib</subfield><subfield code="t">non-US bib date1 &lt; 1896</subfield></datafield></record></collection>